<?xml version="1.0" encoding="UTF-8"?><collection xmlns="http://www.loc.gov/MARC21/slim"><record><leader>00335nam--2200109-i-4500</leader><controlfield tag="001">000029771</controlfield><controlfield tag="002">20161230</controlfield><controlfield tag="005">20161230201037</controlfield><controlfield tag="008">060222s1000------------r-----000-0-eng-d</controlfield><datafield ind1=" " ind2=" " tag="245"><subfield code="a">Lecture notes in math.vol.1011:scattering th.for many-body quantum mechanical systes rigorous results</subfield></datafield><datafield ind1=" " ind2=" " tag="260"><subfield code="a">Berlin, Springer-verlag, 1983</subfield></datafield><datafield ind1=" " ind2=" " tag="852"><subfield code="a">72112</subfield></datafield></record></collection>